@inproceedings{chin2012measuring,
  title={Measuring user confidence in smartphone security and privacy},
  author={Chin, Erika and Felt, Adrienne Porter and Sekar, Vyas and Wagner, David},
  booktitle={Proceedings of the Eighth Symposium on Usable Privacy and Security},
  pages={1},
  year={2012},
  organization={ACM}
}
@article{poushter,
  title={Smartphone Ownership and Internet Usage Continues to Climb in Emerging Economies},
  author={Poushter, Jacob},
  journal={Pew Research Center: Global Attitudes \& Trends},
  year={2016}
}
@article{IanBlair,
  title={Mobile Commerce Trends For The Second Half Of 2016},
  author={Blair, Ian},
  journal={Forbes},
  year={2016}
}
@misc{statista_2016,
title={Mobile OS Market Share 2016},
url={https://www.statista.com/statistics/266136/global-market-share-held-by-smartphone-operating-systems/},
journal={Statista},
year={2016},
publisher={Statista},
author={Statista},
}

@inproceedings{bao2011smart,
  title={Smart phone use by non-mobile business users},
  author={Bao, Patti and Pierce, Jeffrey and Whittaker, Stephen and Zhai, Shumin},
  booktitle={Proceedings of the 13th international conference on human computer interaction with mobile devices and services},
  pages={445--454},
  year={2011},
  organization={ACM}
}
@inproceedings{karlson2009working,
  title={Working overtime: Patterns of smartphone and PC usage in the day of an information worker},
  author={Karlson, Amy K and Meyers, Brian R and Jacobs, Andy and Johns, Paul and Kane, Shaun K},
  booktitle={International Conference on Pervasive Computing},
  pages={398--405},
  year={2009},
  organization={Springer}
}
@article{matthews2009no,
  title={No smart phone is an island: The impact of places, situations, and other devices on smart phone use},
  author={Matthews, Tara and Pierce, Jeffrey and Tang, John},
  journal={IBM RJ10452},
  year={2009}
}
@inproceedings{felt2012ve,
  title={I've got 99 problems, but vibration ain't one: a survey of smartphone users' concerns},
  author={Felt, Adrienne Porter and Egelman, Serge and Wagner, David},
  booktitle={Proceedings of the second ACM workshop on Security and privacy in smartphones and mobile devices},
  pages={33--44},
  year={2012},
  organization={ACM}
}
@article{king2012come,
  title={How Come I'm Allowing Strangers to Go Through My Phone? Smartphones and Privacy Expectations.},
  author={King, Jennifer},
  journal={Smartphones and Privacy Expectations.(March 15, 2012)},
  year={2012}
}
@inproceedings{egelman2014you,
  title={Are you ready to lock?},
  author={Egelman, Serge and Jain, Sakshi and Portnoff, Rebecca S and Liao, Kerwell and Consolvo, Sunny and Wagner, David},
  booktitle={Proceedings of the 2014 ACM SIGSAC Conference on Computer and Communications Security},
  pages={750--761},
  year={2014},
  organization={ACM}
}
@inproceedings{benenson2013android,
  title={Android and iOS users' differences concerning security and privacy},
  author={Benenson, Zinaida and Gassmann, Freya and Reinfelder, Lena},
  booktitle={CHI'13 Extended Abstracts on Human Factors in Computing Systems},
  pages={817--822},
  year={2013},
  organization={ACM}
}
@misc{googlereport,
title={Android Security 2014 Year in Review, Google},
publisher={Google},
author={Google},
year={2014}}

@misc{lemonnier_2015,
title={Which is the most secure Android Smart Lock?},
url={http://now.avg.com/which-is-the-most-secure-android-smart-lock/},
journal={AVG Now},
publisher={AVG},
author={Lemonnier, Joe},
year={2015},
month={Jun}}

@misc{googleshort,
title={How Google Play Security Still Falls Short},
url={http://readwrite.com/2015/08/10/android-google-play-security-malware-scanner/},
publisher={ReadWrite},
author={MIN PYO HONG},
year={2015},
}

@misc{kim2015creating,
  title={Creating better user experiences on google play},
  author={Kim, Eunice},
  year={2015}
}
@misc{goodin,
  title={More than 400 malicious apps infiltrate Google Play},
  author={Goodin, Dan},
  year={2016}
}
@misc{brown,
  title={Apple Inc. iOS App Store Suffers Major Security Blow After Apps Caught Stealing User Info},
  author={Brown, Mike },
  URL= {http://www.ibtimes.com/apple-inc-ios-app-store-suffers-major-security-blow-after-apps-caught-stealing-user-2148217},
  year={2015}
}
@misc{ats,
  title={Apple will require HTTPS connections for iOS apps by the end of 2016},
  author={Conger,Kate},
  publisher={TechCrunch},
  URL= {https://techcrunch.com/2016/06/14/apple-will-require-https-connections-for-ios-apps-by-the-end-of-2016},
  year={2016}
}

@misc{krill_2012,
title={Google Finally Scans Malware-Ridden Android Market}, 
url={http://www.csoonline.com/article/2130726/malware-cybercrime/google-finally-scans-malware-ridden-android-market.html}, journal={CSO Online}, 
publisher={CSO}, 
author={Krill, Paul}, 
year={2012}, 
month={Feb}
}

@misc{apple,
title={App Store Review Guidelines},
url={https://developer.apple.com/app-store/review/guidelines/#software-requirements},
journal={App Store Review Guidelines - Apple Developer},
publisher={Apple},
author={Apple},
year={2016}
}

@misc{vigneswaren_2016,
title={There are limits to 2FA and it can be near-crippling to your digital life},
url={http://arstechnica.com/security/2016/07/there-are-limits-to-2fa-and-it-can-be-near-crippling-to-your-digital-life/}, journal={There are limits to 2FA and it can be near-crippling to your digital life},
publisher={Ars Technica},
author={Vigneswaren, Kapil Haresh}, 
year={2016},
month={Jul}}